@article{Adler:2010,
    author = "Adler, R. and Bobrowski, O. and Borman, M. and Subag, E. and Weinberger, S.",
    title = {{Persistent Homology for Random Fields and Complexes}},
    journal = "arXiv.org",
    year = "2010",
    eprint = "1003.1001",
    eprinttype = "arxiv",
    eprintclass = "math.PR"
}

@article{Carlsson:2009,
 author = {Carlsson, Gunnar},
 journal = {Bulletin of the American Mathematical Society},
 number = {2},
 pages = {255--308},
 title = {Topology and data},
 volume = {46},
 year = {2009}
}

@book{Edelsbrunner:2010,
 author = {Edelsbrunner, Herbert and Harer, John},
 publisher = {American Mathematical Society},
 title = {Computational Topology: An Introduction},
 year = {2010}
}

@article{Ghrist:2008,
 author = {Ghrist, Robert},
 journal = {Bulletin of the American Mathematical Society},
 number = {1},
 pages = {61--75},
 title = {Barcodes: The persistent topology of data},
 volume = {45},
 year = {2008}
}

@article{Grosz_and_Sidner_1986,
  author = {Barbara Grosz and Candace Sidner},
  title = {Attention, intention, and the structure of discourse},
  journal = {Computational Linguistics},
  year = {1986},
  volume = {12},
  pages = {175-204},
  number = {3},
  month = {July-September}
}

@article{Hudson:2002,
 author = {Hudson, Richard R},
 journal = {Bioinformatics},
 number = {2},
 title = {Generating samples under a Wright--Fisher neutral model of genetic variation},
 volume = {18},
 year = {2002}
}

@misc{Morozov:2012,
 author = {Morozov, Dmitriy},
 link = {http://www.mrzv.org/software/dionysus/index.html},
 title = {Dionysus: a {C++} library for computing persistent homology},
 year = {2012}
}

@inproceedings{Singh:2007,
 author = {Singh, Gurjeet and M{\'e}moli, Facundo and Carlsson, Gunnar},
 booktitle = {Eurographics Symposium on Point-Based Graphics},
 pages = {91--100},
 publisher = {The Eurographics Association},
 title = {Topological methods for the analysis of high dimensional data sets and 3d object recognition},
 year = {2007}
}

@book{Wakeley:2009,
  author = {Wakeley, John},
  title = {Coalescent Theory},
  publisher = {Roberts {\&} Company},
  year = {2009},
}

@article{Zomorodian:2005a,
 author = {Zomorodian, Afra and Carlsson, Gunnar},
 journal = {Discrete \& Computational Geometry},
 number = {2},
 pages = {249--274},
 publisher = {Springer},
 title = {Computing persistent homology},
 volume = {33},
 year = {2005}
}

@book{Zomorodian:2005b,
 author = {Zomorodian, Afra},
 publisher = {Cambridge University Press},
 title = {Topology for Computing},
 year = {2005}
}
